@UNPUBLISHED{flowMap,
author = {Hsiao, Chiaowen and Liu, Menyga and Stanton, Rick and McGee, Monnie and Qian, Yu and Scheuermannn, Richard H},
journal = {Cytometry A: Special issues on Computational Data Analysis of High Dimensional Cytometry Data},
title = {{Mapping cell populations in flow cytometry data for cross-sample comparison using the Friedman-Rafsky Test}},
note={Submitted for publication},
month=SEPTEMBER,
year = {2014}
}


@ARTICLE{FriedmanRafsky,
author={Friedman, Jerome H and Rafsky, Lawrence C},
journal={The Annals of Statistics},
title={{Multivariate generalizations of the Wald-Wolfowitz and Smirnov two-sample tests}},
year={1979},
volume={7},
number={4},
pages={697-717},
}


